@inbook{WindowsInternals,
    author = "Pavel Yosifovich and Alex Ionescu and Mark E. Russinovich and David A. Solomon",
    title = "Windows Internals, Part 1: System architecture, processes, threads, memory management, and more",
    year = "2017",
    keywords  = "windows internals, windows",
}

@misc{wdm,
  howpublished = "\url{https://docs.microsoft.com/en-us/windows-hardware/drivers/kernel/introduction-to-wdm/}",
  note = "[Online]",
}